<?xml version="1.0" encoding="UTF-8"?><collection xmlns="http://www.loc.gov/MARC21/slim"><record><leader>00475nam--2200193-i-4500</leader><controlfield tag="001">000027778</controlfield><controlfield tag="002">20161230</controlfield><controlfield tag="005">20161230201037</controlfield><controlfield tag="008">060222s1000------------r-----000-0-ger-d</controlfield><datafield ind1=" " ind2=" " tag="040"><subfield code="a">IFIN-HH</subfield></datafield><datafield ind1=" " ind2=" " tag="041"><subfield code="a">ger</subfield></datafield><datafield ind1=" " ind2=" " tag="080"><subfield code="a">537.531</subfield></datafield><datafield ind1="1" ind2=" " tag="100"><subfield code="a">Laue, M.Von</subfield></datafield><datafield ind1="1" ind2="0" tag="245"><subfield code="a">Rontgenstrhl-interferenzen</subfield><subfield code="c">M. von laue</subfield></datafield><datafield ind1=" " ind2=" " tag="260"><subfield code="a">Leipzig</subfield><subfield code="b">Becker &amp; Erler Kom-ges</subfield><subfield code="c">1941</subfield></datafield><datafield ind1=" " ind2=" " tag="300"><subfield code="a">367P</subfield></datafield><datafield ind1=" " ind2=" " tag="490"><subfield code="a">Physik Und Chemie</subfield></datafield><datafield ind1=" " ind2=" " tag="852"><subfield code="a">44492</subfield><subfield code="c">H.H</subfield></datafield><datafield ind1=" " ind2=" " tag="CAT"><subfield code="a">Sys</subfield><subfield code="c">20130409</subfield><subfield code="h">160609</subfield></datafield></record></collection>